@book{saleh1991fundamentals,
  title={Fundamentals of photonics},
  author={Saleh, Bahaa E A and Teich, Malvin Carl},
  year={1991},
  publisher={Wiley}
}

@article{yariv1989quantum,
  title={Quantum electronics},
  author={Yariv, Amnon},
  journal={New York: Wiley},
  volume={3},
  year={1989}
}

@book{siegman1986lasers,
  title={Lasers},
  author={Siegman, Anthony E},
  year={1986},
  publisher={University Science Books}
}