@article{shih1995quantum,
  title={Quantum entanglement in two-photon correlated imaging},
  author={Shih, Yanhua and Strekalov, DV and Klyshko, DN},
  journal={Physical Review A},
  volume={52},
  number={6},
  pages={R4307},
  year={1995},
  publisher={APS}
}
@article{bennink2002two,
  title={Two-photon coincidence imaging with a classical source},
  author={Bennink, Ryan S and Bentley, Sean J and Boyd, Robert W},
  journal={Physical review letters},
  volume={89},
  number={11},
  pages={113601},
  year={2002},
  publisher={APS}
}
 @article{wang2004far,
  title={Far-field thermal-ghost imaging and diffraction with classical incoherent light},
  author={Wang, Kaige and Cao, Dezhao and Xiong, Jun},
  journal={Physical Review A},
  volume={70},
  number={4},
  pages={043820},
  year={2004},
  publisher={APS}
}

@article{wang2005near,
  title={Near-field thermal-ghost imaging and diffraction with classical incoherent light},
  author={Wang, Kaige and Cao, Dezhao and Xiong, Jun},
  journal={Physical Review A},
  volume={71},
  number={3},
  pages={033814},
  year={2005},
  publisher={APS}
}

@book{mandel1995optical,
  title={Optical coherence and quantum optics},
  author={Mandel, Leonard and Wolf, Emil},
  year={1995},
  publisher={Cambridge university press}
}

@book{loudon2000quantum,
  title={The quantum theory of light},
  author={Loudon, Rodney},
  year={2000},
  publisher={Oxford University Press}
}

@article{cao2005geometrical,
  title={Geometrical optics in correlated imaging systems},
  author={Cao, D and Xiong, J and Wang, K},
  journal={Physical Review A},
  volume={71},
  number={1},
  pages={013801},
  year={2005},
  publisher={APS}
}
