% References for ResearchPlan_Toma_tiny.tex (Streamlined)
% Only essential citations retained

@misc{toma_researches,
  author = {{Toma Research Group}},
  title = {Research Topics},
  year = {2025},
  note = {Tokyo Institute of Technology}
}

@misc{toma_achievements,
  author = {{Toma Research Group}},
  title = {Achievements},
  year = {2025},
  note = {Tokyo Institute of Technology}
}

@article{nanophotonic_biosensors_acs,
  author = {Miller, Benjamin L. and Lindquist, Nathan C.},
  title = {Unlocking the Translational Potential of Nanophotonic Biosensors: Perspectives on Application-Guided Design},
  journal = {ACS Photonics},
  year = {2025},
  doi = {10.1021/acsphotonics.5c00838}
}

@article{nil_metasurface_review,
  author = {Barcelo, S. J. and Li, Z.},
  title = {Nanoimprint lithography for nanodevice fabrication},
  journal = {Nano Convergence},
  year = {2016},
  volume = {3},
  number = {1},
  pages = {21},
  doi = {10.1186/s40580-016-0081-y}
}

@article{dl_nanophotonics_rg,
  author = {Ma, Wei and Liu, Zhaocheng and Kudyshev, Zhaxylyk A. and Boltasseva, Alexandra and Cai, Wenshan and Liu, Yongmin},
  title = {Deep learning for the design of photonic structures},
  journal = {Nature Photonics},
  year = {2021},
  volume = {15},
  number = {2},
  pages = {77--90},
  doi = {10.1038/s41566-020-0685-y}
}

@article{conditional_gan_nanophotonics,
  author = {So, Sunae and Badloe, Trevon and Noh, Junhwa and Rho, Junsuk},
  title = {Designing nanophotonic structures using conditional deep convolutional generative adversarial networks},
  journal = {Nanophotonics},
  year = {2019},
  volume = {8},
  number = {7},
  pages = {1255--1261},
  doi = {10.1515/nanoph-2019-0117}
}

@article{gan_nanophotonic_inverse,
  author = {Liu, Zhaocheng and Zhu, Dayu and Rodrigues, Sean P. and Lee, Kwang-Ting and Cai, Wenshan},
  title = {Generative Model for the Inverse Design of Metasurfaces},
  journal = {Nano Letters},
  year = {2018},
  volume = {18},
  number = {10},
  pages = {6570--6576},
  doi = {10.1021/acs.nanolett.8b03171}
}

@article{toma_colorimetric_biosensor,
  author = {Toma, Mana and Toma, Kosuke and Michioka, Kenji and Ikezoe, Yasutaka and Obara, Daisuke and Okamoto, Kotaro and Tamada, Kaoru},
  title = {Collective Plasmon Modes Excited on a Silver Nanoparticle 2D Crystalline Sheet},
  journal = {Physical Chemistry Chemical Physics},
  year = {2011},
  volume = {13},
  pages = {7459--7466},
  doi = {10.1039/c0cp02953j}
}

@article{toma_plasmonic_metasurface,
  author = {Toma, Kosuke and Desyatov, Boris and Asakawa, Hitomi and Kamei, Yoshiro and Toma, Mana},
  title = {Label-Free Detection of DNA Using Plasmonic Nanodome Arrays},
  journal = {Biosensors and Bioelectronics},
  year = {2021},
  volume = {180},
  pages = {113119},
  doi = {10.1016/j.bios.2021.113119}
}

@article{toma_enhanced_fluorescence,
  author = {Toma, Mana and Toma, Kosuke and Adam, Pierre and Homola, Jiří and Knoll, Wolfgang and Dostálek, Jiří},
  title = {Surface Plasmon-Coupled Emission on Plasmonic Bragg Gratings},
  journal = {Optics Express},
  year = {2012},
  volume = {20},
  number = {13},
  pages = {14042--14053},
  doi = {10.1364/OE.20.014042}
}

@article{chiral_biosensing_review,
  author = {Hendry, E. and Carpy, T. and Johnston, J. and Popland, M. and Mikhaylovskiy, R. V. and Lapthorn, A. J. and Kelly, S. M. and Barron, L. D. and Gadegaard, N. and Kadodwala, M.},
  title = {Ultrasensitive Detection and Characterization of Biomolecules Using Superchiral Fields},
  journal = {Nature Nanotechnology},
  year = {2010},
  volume = {5},
  pages = {783--787},
  doi = {10.1038/nnano.2010.209}
}
