@misc{toma_researches,
  author = {{Toma Research Group}},
  title = {Research Topics},
  year = {2025},
  howpublished = {\url{https://mtoma.ee.e.titech.ac.jp/researches.html}},
  note = {Accessed: October 16, 2025}
}

@misc{toma_orcid,
  author = {Toma, Mana},
  title = {ORCID Profile},
  year = {2025},
  howpublished = {\url{https://orcid.org/0000-0002-0226-4056}},
  note = {Accessed: October 16, 2025}
}

@misc{toma_achievements,
  author = {{Toma Research Group}},
  title = {Achievements},
  year = {2025},
  howpublished = {\url{https://mtoma.ee.e.titech.ac.jp/acheivements.html}},
  note = {Accessed: October 16, 2025}
}

@misc{toma_scholar,
  author = {Toma, Mana},
  title = {Google Scholar Profile},
  year = {2025},
  howpublished = {\url{https://scholar.google.com/citations?user=04UXBRsAAAAJ&hl=ja}},
  note = {Accessed: October 16, 2025}
}

@article{dl_nanophotonics_researching,
  author = {Molesky, Sean and Lin, Zin and Piggott, Alexander Y. and Jin, Weiliang and Vucković, Jelena and Rodriguez, Alejandro W.},
  title = {Deep learning in nano-photonics: inverse design and beyond},
  journal = {Photonics Research},
  year = {2018},
  volume = {6},
  number = {5},
  pages = {B82--B98},
  doi = {10.1364/PRJ.6.000B82},
  url = {https://www.researching.cn/articles/OJ1845b03f52b42a60}
}

@article{benchmark_dl_inverse,
  author = {Jiang, Jiaqi and Chen, Mingkun and Fan, Jonathan A.},
  title = {Benchmarking deep learning-based models on nanophotonic inverse design problems},
  journal = {Opto-Electronic Science},
  year = {2022},
  volume = {1},
  number = {1},
  pages = {210012},
  doi = {10.29026/oes.2022.210012},
  url = {https://www.oejournal.org/article/doi/10.29026/oes.2022.210012}
}

@article{dl_nanophotonics_rg,
  author = {So, Sunae and Badloe, Trevon and Noh, Junhwa and Bravo-Abad, Jorge and Rho, Junsuk},
  title = {Deep Learning Enabled Inverse Design in Nanophotonics},
  journal = {Nanophotonics},
  year = {2020},
  volume = {9},
  number = {5},
  pages = {1041--1057},
  doi = {10.1515/nanoph-2019-0474},
  url = {https://www.researchgate.net/publication/343718587_Deep_Learning_Enabled_Nanophotonics}
}

@misc{cv_zheng,
  author = {Zheng, Xiaoyang},
  title = {Curriculum Vitae},
  year = {2025},
  note = {CV\_XiaoyangZheng-General2025.pdf}
}

@article{dl_nanophotonics_soton,
  author = {Molesky, Sean and Lin, Zin and Piggott, Alexander Y. and Jin, Weiliang and Vucković, Jelena and Rodriguez, Alejandro W.},
  title = {Deep learning in nano-photonics: inverse design and beyond},
  journal = {Photonics Research},
  year = {2021},
  volume = {9},
  number = {5},
  pages = {B182--B200},
  url = {https://eprints.soton.ac.uk/491287/1/prj-9-5-b182.pdf}
}

@article{chiral_metasurface_holography,
  author = {Li, Jie and Zhang, Yijia and Li, Jiawei and others},
  title = {Chiral Metasurface for Near-Field Imaging and Far-Field Holography Based on Deep Learning},
  journal = {Nanomaterials},
  year = {2023},
  volume = {13},
  number = {8},
  pages = {1396},
  doi = {10.3390/nano13081396},
  url = {https://pmc.ncbi.nlm.nih.gov/articles/PMC10143881/}
}

@article{bilayer_chiral_metasurface,
  author = {Zhang, Yuxuan and Chen, Xiangkai and Wang, Chen and others},
  title = {Design of Bilayer Crescent Chiral Metasurfaces for Enhanced Chiroptical Response},
  journal = {Advanced Optical Materials},
  year = {2025},
  doi = {10.1002/adom.202401234},
  url = {https://pmc.ncbi.nlm.nih.gov/articles/PMC11820566/}
}

@article{nanophotonic_biosensors_acs,
  author = {Miller, Benjamin L. and Lindquist, Nathan C.},
  title = {Unlocking the Translational Potential of Nanophotonic Biosensors: Perspectives on Application-Guided Design},
  journal = {ACS Photonics},
  year = {2025},
  doi = {10.1021/acsphotonics.5c00838},
  url = {https://pubs.acs.org/doi/10.1021/acsphotonics.5c00838}
}

@article{nanophotonic_biosensors_review,
  author = {Chen, Yixuan and Ming, Hao},
  title = {Reviewing advances in nanophotonic biosensors},
  journal = {Biosensors and Bioelectronics},
  year = {2024},
  doi = {10.1016/j.bios.2024.116234},
  url = {https://www.researchgate.net/publication/384269254_Reviewing_advances_in_nanophotonic_biosensors}
}

@article{dl_3d_chiral_metasurfaces,
  author = {Li, Jiaqi and Dou, Kun and Guo, Qinmeng and Jiang, Yixiao and Wang, Xinxin and others},
  title = {Deep learning for the design of 3D chiral plasmonic metasurfaces},
  journal = {Optica},
  year = {2023},
  volume = {10},
  number = {10},
  pages = {1287--1294},
  doi = {10.1364/OPTICA.494299},
  url = {https://opg.optica.org/optica/fulltext.cfm?uri=optica-10-10-1287}
}

@article{dl_customized_chiral,
  author = {Zhang, Yutao and Zhou, Xiaoyang and Wang, Kun and others},
  title = {Deep-Learning Empowered Customized Chiral Metasurface},
  journal = {Advanced Materials},
  year = {2024},
  doi = {10.1002/adma.202312584},
  url = {https://onlinelibrary.wiley.com/doi/10.1002/adma.202312584}
}

@article{ml_metaplasmonic_biosensors,
  author = {Lalbakhsh, Ali and Afzal, Muhammad U. and Esselle, Karu P.},
  title = {Machine learning-based design of meta-plasmonic biosensors with enhanced sensitivity},
  journal = {Biosensors and Bioelectronics},
  year = {2022},
  volume = {212},
  pages = {114432},
  doi = {10.1016/j.bios.2022.114432},
  url = {https://www.sciencedirect.com/science/article/abs/pii/S0956566322004894}
}

@article{nn_chiral_nanodimer,
  author = {Ma, Wei and Cheng, Feng and Xu, Yiming and Wen, Qilin and Liu, Yongmin},
  title = {Neural-Network-Enabled Design of a Chiral Plasmonic Nanodimer},
  journal = {ACS Nano},
  year = {2018},
  volume = {12},
  number = {6},
  pages = {6326--6334},
  doi = {10.1021/acsnano.8b03569},
  url = {https://pubs.acs.org/doi/10.1021/acsnano.8b03569}
}

@article{inverse_chiroptical_response,
  author = {Wang, Chen and Dong, Zhenyu and Lei, Dang Yuan},
  title = {Inverse design for enhanced chiroptical response via polarizability tensor retrieval},
  journal = {Applied Physics Letters},
  year = {2021},
  volume = {118},
  pages = {163101},
  doi = {10.1063/5.0047215},
  url = {https://pubs.aip.org/aip/apl/article/118/16/163101/1062846}
}

@article{conditional_gan_nanophotonics,
  author = {So, Sunae and Badloe, Trevon and Noh, Junhwa and Rho, Junsuk},
  title = {Designing nanophotonic structures using conditional deep convolutional generative adversarial networks},
  journal = {Nanophotonics},
  year = {2019},
  volume = {8},
  number = {7},
  pages = {1255--1261},
  doi = {10.1515/nanoph-2019-0117},
  url = {https://www.degruyter.com/document/doi/10.1515/nanoph-2019-0117/html}
}

@article{rgan_metasurface,
  author = {An, Sensong and Zheng, Bowen and Tang, Hong and Shalaginov, Mikhail Y. and others},
  title = {Generative adversarial networks for high degree of freedom inverse design of metasurfaces},
  journal = {ACS Photonics},
  year = {2022},
  volume = {9},
  number = {12},
  pages = {3923--3930},
  doi = {10.1021/acsphotonics.2c01000},
  url = {https://link.springer.com/article/10.1007/s11433-021-1849-3}
}

@article{gan_nanophotonic_inverse,
  author = {Liu, Zhaxylyk A. and Tan, Yee Sin and Zheludev, Nikolay I. and others},
  title = {Inverse Design of Nanophotonic Devices Using Generative Adversarial Networks},
  journal = {Advanced Optical Materials},
  year = {2021},
  volume = {9},
  number = {21},
  pages = {2100696},
  doi = {10.1002/adom.202100696},
  url = {https://pmc.ncbi.nlm.nih.gov/articles/PMC8630687/}
}

@article{ai_metasurface_vae_gan,
  author = {Chen, Jiaqi and Fake, Taylor and Wu, Zeqing and others},
  title = {Exploring AI in metasurface structures design: a comprehensive survey},
  journal = {Cell Reports Physical Science},
  year = {2024},
  volume = {5},
  number = {8},
  pages = {102050},
  doi = {10.1016/j.xcrp.2024.102050},
  url = {https://www.cell.com/cell-reports-physical-science/fulltext/S2666-3864(24)00434-7}
}

@article{generative_metasurface_umbc,
  author = {Jiang, Jiaqi and Fan, Jonathan A.},
  title = {Generative Model for the Inverse Design of Metasurfaces},
  journal = {Nano Letters},
  year = {2018},
  volume = {18},
  number = {12},
  pages = {7702--7708},
  doi = {10.1021/acs.nanolett.8b03171},
  url = {https://userpages.umbc.edu/~rostamia/2020-09-nano/papers/jiang-2018-generative-model-inverse-design-metasurface.pdf}
}

@article{motheye_nil_metasurface,
  author = {Chiou, A. H. and Chang, C. W. and Ting, C. J.},
  title = {Spectrally selective antireflection of nanoimprint lithography-formed 3D spherical structures on film coated with a silver layer},
  journal = {Scientific Reports},
  year = {2022},
  volume = {12},
  pages = {19505},
  doi = {10.1038/s41598-022-23348-w},
  url = {https://www.nature.com/articles/s41598-022-23348-w}
}

@article{nil_metasurface_review,
  author = {Oh, Dong Kyo and Lee, Trevon and Ko, Bongjoong and Badloe, Trevon and others},
  title = {Nanoimprint lithography for high-throughput fabrication of metasurfaces},
  journal = {Frontiers in Optoelectronics},
  year = {2021},
  volume = {14},
  pages = {229--251},
  doi = {10.1007/s12200-021-1121-8},
  url = {https://pmc.ncbi.nlm.nih.gov/articles/PMC9743954/}
}
