@article{X射线的产生与X射线谱,
	ISSN ={},
	URL = {https://physics.bnu.edu.cn/rcpy/wlsyjxzx/jxtx/jxtxynr/zywlsy/zhxtgxsy/110144.html},
	author = {北京师范大学物理实验教学中心},
	journal ={},
	number = {},
	pages = {},
	publisher = {},
	title = {X射线的产生与X射线谱},
	urldate ={},
	volume ={},
	year ={} 
}



