@book{saleh1991fundamentals,
  title     = {Fundamentals of photonics},
  author    = {Saleh, Bahaa E A and Teich, Malvin Carl},
  year      = {1991},
  publisher = {Wiley}
}

@book{siegman1986lasers,
  title     = {Lasers},
  author    = {Siegman, Anthony E},
  year      = {1986},
  publisher = {University Science Books}
}

@book{textbook,
  title    = {He-Ne激光的纵横模分析和模分裂实验讲义},
  author   = {北京师范大学近代物理实验教研组},
  year     = {2024},
  publisher = {北京师范大学出版社},
  isbn     = {},
  language = {中文},
  address  = {北京}
}

@book{zhao2006optics,
  title     = {光学},
  author    = {赵凯华 and 邹丽平},
  year      = {2006},
  publisher = {高等教育出版社},
  address   = {北京},
  edition   = {第4版},
  note      = {该书详细介绍了双折射现象，包括其物理机制和相关实验。},
  isbn      = {9787040196925}
}

@manual{thorlabs2020confocal,
  title     = {Scanning Fabry-Pérot Interferometers},
  author    = {Thorlabs, Inc.},
  year      = {2020},
  organization = {Thorlabs},
  note      = {Provides detailed operational instructions and technical specifications for confocal scanning optical cavities.},
  url       = {https://www.thorlabs.com/newgrouppage9.cfm?objectgroup_id=859},
  address   = {Newton, NJ},
  version   = {Rev A}
}


@article{yariv1989quantum,
  title   = {Quantum electronics},
  author  = {Yariv, Amnon},
  journal = {New York: Wiley},
  volume  = {3},
  year    = {1989}
}