@article{塞曼效应实验报告,
  title   = {塞曼效应实验报告},
  author  = {郑力恒},
  year    = {2022},
  journal = {大学物理实验},
  volume  = {1},
  number  = {1},
  pages   = {1-5}
}

@article{塞曼效应实验中法布里-珀罗标准具的Matlab模拟,
  author    = {张哲朋，范海波，杨希龙等},
  title     = {塞曼效应实验中法布里-珀罗标准具的Matlab模拟},
  publisher = {大学物理},
  year      = {2015},
  journal   = {大学物理},
  volume    = {34},
  number    = {8},
  eid       = {48},
  numpages  = {0},
  pages     = {48},
  keywords  = {F-P标准具 塞曼效应 Matlab模拟},
  url       = {https://dxwl.bnu.edu.cn/CN/abstract/article_6989.shtml}
}

@article{lecturenote,
  author = {北京师范大学近代物理学实验教学组},
  title = {近代物理学实验讲义},
  year = {2022},
  publisher = {北京师范大学出版社},
  address = {北京},
  chapter = {塞曼效应实验}
}

@book{atomic_physics,
  author = {杨福家},
  title = {原子物理学},
  year = {2008},
  publisher = {高等教育出版社},
  address = {北京},
  edition = {第四版},
  chapter = {第4章}
}

@lecture{lecture,
  author = {董春华},
  title = {光学课程讲义},
  year = {2022},
  publisher = {中国科学技术大学},
  address = {合肥},
  chapter = {3-05},
  pages = {1-10}
}