@article{Bloch1946,
  author    = {Bloch, F.},
  title     = {Nuclear induction},
  journal   = {Physical Review},
  volume    = {70},
  number    = {7-8},
  pages     = {460--474},
  year      = {1946},
  publisher = {American Physical Society}
}

@article{Purcell1946,
  author    = {Purcell, E. M. and Torrey, H. C. and Pound, R. V.},
  title     = {Resonance absorption by nuclear magnetic moments in a solid},
  journal   = {Physical Review},
  volume    = {69},
  number    = {1-2},
  pages     = {37--38},
  year      = {1946},
  publisher = {American Physical Society}
}

@book{Levitt2008,
  author    = {Levitt, Malcolm H.},
  title     = {Spin dynamics: basics of nuclear magnetic resonance},
  publisher = {John Wiley \& Sons},
  year      = {2008},
  address   = {Chichester, UK}
}

@article{Lauterbur1973,
  author    = {Lauterbur, P. C.},
  title     = {Image formation by induced local interactions: examples employing nuclear magnetic resonance},
  journal   = {Nature},
  volume    = {242},
  number    = {5394},
  pages     = {190--191},
  year      = {1973},
  publisher = {Nature Publishing Group}
}

@book{Ernst1987,
 author = {Ernst, Richard R. and Bodenhausen, Geoffrey and Wokaun, Alexander},
 title = {Principles of nuclear magnetic resonance in one and two dimensions},
 publisher = {Oxford University Press},
 year = {1987},
 address = {Oxford, UK}
}
@book{Fukushima1981,
  title={Experimental pulse NMR: a nuts and bolts approach},
  author={Fukushima, Eiichi and Roeder, Stephen B. W.},
  year={1981},
  publisher={Addison-Wesley Publishing Company}
}
