@article{Ortiz2019,
  author = {Ortiz, B. R. and Gomes, L. C. and Morey, J. R. and others},
  journal = {Physical Review Materials},
  volume = {3},
  pages = {094407},
  year = {2019},
  title = {New Kagome Prototype Materials: Discovery of KV3Sb5, RbV3Sb5, and CsV3Sb5},
  doi = {10.1103/PhysRevMaterials.3.094407}
}

@article{Wilson2021,
  author = {Wilson, S. Y. and Ortiz, B. R. and others},
  journal = {Physical Review Materials},
  volume = {5},
  pages = {034801},
  year = {2021},
  title = {Superconductivity in the Kagome Metal AV3Sb5},
  doi = {10.1103/PhysRevMaterials.5.034801}
}

@article{Neupert2022,
  author = {Neupert, T. and Denner, M. M. and Yin, J.-X. and Thomale, R. and Hasan, M. Z.},
  journal = {Nature Physics},
  volume = {18},
  pages = {137--143},
  year = {2022},
  title = {Charge Order and Superconductivity in Kagome Materials},
  doi = {10.1038/s41567-021-01404-y}
}

@article{Kang2022,
  author = {Kang, M. and Fang, S. and Kim, J.-K. and Ortiz, B. R. and others},
  journal = {Nature Physics},
  volume = {18},
  pages = {301--308},
  year = {2022},
  title = {Twofold van Hove Singularity and Origin of Charge Order in Topological Kagome Superconductor CsV3Sb5},
  doi = {10.1038/s41567-021-01451-5}
}

@article{Jiang2021,
  author = {Jiang, Y.-X. and Yin, J.-X. and Denner, M. M. and others},
  journal = {Nature Materials},
  volume = {20},
  pages = {1353--1357},
  year = {2021},
  title = {Unconventional Chiral Charge Order in Kagome Superconductor KV3Sb5},
  doi = {10.1038/s41563-021-01034-y}
}

@article{Shrestha2023,
  author = {Shrestha, L. and Yang, X. P. and Chen, Y. Y. and others},
  journal = {Physical Review B},
  volume = {108},
  pages = {024503},
  year = {2023},
  title = {Chiral Charge Order in KV3Sb5 Kagome Superconductor},
  doi = {10.1103/PhysRevB.108.024503}
}

@inproceedings{Demsar2007,
  author = {Demsar, J. and Dekorsy, T.},
  title = {Ultrafast Dynamics in Systems with Collective Order},
  booktitle = {Light Scattering in Solids IX},
  publisher = {Springer},
  year = {2007},
  doi = {10.1007/978-3-540-71966-1_10}
}

@article{DeLaTorre2021,
  author = {de la Torre, A. and Seyler, K. L. and Xian, L. and others},
  journal = {Physical Review B},
  volume = {104},
  pages = {L041101},
  year = {2021},
  title = {Observation of Flat Bands and Correlated States in Twisted Bilayer MoS2},
  doi = {10.1103/PhysRevB.104.L041101}
}

@article{Wang2021,
  author = {Wang, Y. and Lee, S. H. and Oh, J. S. and others},
  journal = {Physical Review B},
  volume = {104},
  pages = {075135},
  year = {2021},
  title = {Type-II Dirac Fermions in the Pt2HgSe3 Class of Materials},
  doi = {10.1103/PhysRevB.104.075135}
}

@article{Luo2022,
  author = {Luo, H. and Yin, Q. W. and Wang, H. S. and others},
  journal = {npj Quantum Materials},
  volume = {7},
  pages = {64},
  year = {2022},
  title = {Discovery of Superconductivity in the Zr3Ir4 Class of Topological Compounds},
  doi = {10.1038/s41535-022-00473-3}
}

@article{Coslovich2015,
  author = {Coslovich, G. and Kemper, A. F. and Giannetti, C. and others},
  journal = {Physical Review Letters},
  volume = {114},
  pages = {107001},
  year = {2015},
  title = {Ultrafast Charge Dynamics in the High-Temperature Superconductor YBa2Cu3Oy},
  doi = {10.1103/PhysRevLett.114.107001}
}

@article{Zeiger1992,
  author = {Zeiger, H. J. and Vidal, J. and Cheng, T. K. and Ippen, E. P. and Dresselhaus, G. and Dresselhaus, M. S.},
  journal = {Physical Review B},
  volume = {45},
  pages = {768},
  year = {1992},
  title = {Theory for Displacive Excitation of Coherent Phonons},
  doi = {10.1103/PhysRevB.45.768}
}

@inproceedings{Klein1983,
  author = {Klein, M. V.},
  title = {Electronic Raman Scattering},
  booktitle = {Light Scattering in Solids I},
  publisher = {Springer},
  year = {1983},
  doi = {10.1007/3-540-11913-2_4}
}

@article{Hiramatsu2019,
  author = {Hiramatsu, K. and Minamikawa, T. and Ozeki, Y.},
  journal = {Optics Express},
  volume = {27},
  pages = {13141--13151},
  year = {2019},
  title = {High-Power Mid-Infrared Optical Parametric Oscillator},
  doi = {10.1364/OE.27.013141}
}

@article{Nicholson2019,
  author = {Nicholson, C. W. and Walter, A. L. and Kondo, T. and others},
  journal = {Physical Review Letters},
  volume = {123},
  pages = {236401},
  year = {2019},
  title = {Strongly Correlated Flat Bands and Band Engineering of Van der Waals Materials},
  doi = {10.1103/PhysRevLett.123.236401}
}

@article{Tan2021,
  author = {Tan, H. and Liu, Y. and Wang, Z. and Yan, B.},
  journal = {Physical Review Letters},
  volume = {127},
  pages = {046401},
  year = {2021},
  title = {Charge Density Waves and Electronic Properties of Superconducting Kagome Metals},
  doi = {10.1103/PhysRevLett.127.046401}
}

@article{Zhao2021,
  author = {Zhao, H. and Li, H. and Ortiz, B. R. and others},
  journal = {Nature},
  volume = {599},
  pages = {216--221},
  year = {2021},
  title = {Cascade of Correlated Electron States in the Kagome Superconductor CsV3Sb5},
  doi = {10.1038/s41586-021-03946-w}
}

@article{Cho2021,
  author = {Cho, S. and Ma, H. and Xia, W. and others},
  journal = {Physical Review Letters},
  volume = {127},
  pages = {236401},
  year = {2021},
  title = {Emergence of New van Hove Singularities in the Charge Density Wave State of a Topological Kagome Metal},
  doi = {10.1103/PhysRevLett.127.236401}
}

@article{Giannetti2016,
  author = {Giannetti, C. and Capone, M. and Fausti, D. and others},
  journal = {Advances in Physics},
  volume = {65},
  pages = {58--238},
  year = {2016},
  title = {Ultrafast Optical Spectroscopy of Strongly Correlated Materials and High-Temperature Superconductors: A Non-Equilibrium Approach},
  doi = {10.1080/00018732.2016.1194044}
}

@article{Sobota2021,
  author = {Sobota, J. A. and He, Y. and Shen, Z.-X.},
  journal = {Reviews of Modern Physics},
  volume = {93},
  pages = {025006},
  year = {2021},
  title = {Angle-Resolved Photoemission Studies of Quantum Materials},
  doi = {10.1103/RevModPhys.93.025006}
}

@article{Wang2020,
  author = {Wang, Q. and Kong, P. and Shi, W. and others},
  journal = {Advanced Materials},
  volume = {32},
  pages = {2001996},
  year = {2020},
  title = {Charge Density Wave Orders and Enhanced Superconductivity under Pressure in the Kagome Metal CsV3Sb5},
  doi = {10.1002/adma.202001996}
}

@article{Uykur2022,
  author = {Uykur, E. and Ortiz, B. R. and Wilson, S. D. and others},
  journal = {npj Quantum Materials},
  volume = {7},
  pages = {16},
  year = {2022},
  title = {Optical Detection of the Density-Wave Instability in the Kagome Metal KV3Sb5},
  doi = {10.1038/s41535-022-00420-w}
}

@article{Miao2021,
  author = {Miao, H. and Zhang, T. T. and Wang, L. and others},
  journal = {Physical Review B},
  volume = {104},
  pages = {195132},
  year = {2021},
  title = {Geometry of the Charge Density Wave in the Kagome Metal AV3Sb5},
  doi = {10.1103/PhysRevB.104.195132}
}

@article{Liang2021,
  author = {Liang, Z. and Hou, X. and Zhang, F. and others},
  journal = {Physical Review X},
  volume = {11},
  pages = {031026},
  year = {2021},
  title = {Three-Dimensional Charge Density Wave and Surface-Dependent Vortex-Core States in a Kagome Superconductor},
  doi = {10.1103/PhysRevX.11.031026}
}

