@inproceedings{thu,
  author    = {Trinkle23897},
  title     = {THU Beamer Theme},
  year      = {2020},
  url       = {https://github.com/tuna/THU-Beamer-Theme},
}

@inproceedings{dlut,
  author    = {fuujiro},
  title     = {DLUT Beamer Theme},
  year      = {2021},
  url       = {https://github.com/fuujiro/DLUT-Beamer-Slide-V1/tree/master},
}