@article{Cao2023LCSLMReview,
    author    = {Cao, Liangcai and Forbes, Andrew},
    title     = {液晶空间光调制器：数字化工具下的光场调控},
    journal   = {OE Journals (Opto-Electronic Engineering)},
    year      = {2023},
    month     = {11},
    url       = {https://www.oejournal.org/article/doi/10.29026/oes.2023.230026}
}

@article{Yang2023LCSLMDevicesApplications,
    author    = {Yang, Yiqian and Du, Jialin and Zheng, Bowen and Hu, Dejiao and Qiu, Chengwei and Forbes, Andrew and Cao, Liangcai},
    title     = {A review of liquid crystal spatial light modulators: devices and applications},
    journal   = {Opto-Electronic Science},
    year      = {2023},
    volume    = {2},
    number    = {8},
    pages     = {230026},
    doi       = {10.29026/oes.2023.230026}
}

@article{Goodman2005FourierOptics,
    author    = {Goodman, Joseph W.},
    title     = {Introduction to Fourier Optics},
    publisher = {Roberts and Company Publishers},
    year      = {2005},
    edition   = {3rd}
}

@article{Hecht2017Optics,
    author    = {Hecht, Eugene},
    title     = {Optics},
    publisher = {Pearson Education Limited},
    year      = {2017},
    edition   = {5th}
}

@article{Kasper2003SLMPrinciples,
    author    = {Kasper, M. and Pesch, M. and Tiziani, H.J.},
    title     = {Principles and applications of spatial light modulators},
    journal   = {Proc. SPIE 4928, Holography, Diffractive Optics, and Applications},
    year      = {2003},
    pages     = {1-11},
    doi       = {10.1117/12.482254}
}

@article{Zhang2018SLMModulationCharacteristics,
    author    = {张弦 and 刘永军 and 李大 अक्त and 贾婷婷 and 宣丽 and 白福忠 and 王健 and 胡雯},
    title     = {空间光调制器振幅和相位调制特性的实验研究},
    journal   = {激光与光电子学进展},
    year      = {2018},
    volume    = {55},
    number    = {1},
    pages     = {012301},
    doi       = {10.3788/LOP55.012301}
}

@article{Li20124fSystem,
    author    = {Li, Yongqiang and Wang, Qiong-Hua},
    title     = {Optical image encryption based on Arnold transform and double random phase encoding in Fresnel domain},
    journal   = {Optics Communications},
    year      = {2012},
    volume    = {285},
    number    = {5},
    pages     = {644-650},
    doi       = {10.1016/j.optcom.2011.10.084}
}

@article{Sui2021ComplexAmplitudeHolography,
    author    = {隋晓萌 and 郭帮辉 and 曹良才},
    title     = {基于液晶空间光调制器的复振幅全息显示进展},
    journal   = {液晶与显示},
    year      = {2021},
    volume    = {36},
    number    = {6},
    pages     = {849-864},
    doi       = {10.3788/CJLCD20213606.0849}
}

@article{BornWolf2019PrinciplesOptics,
    author    = {Born, Max and Wolf, Emil},
    title     = {Principles of Optics: Electromagnetic Theory of Propagation, Interference and Diffraction of Light},
    publisher = {Cambridge University Press},
    year      = {2019},
    edition   = {7th (expanded)}
}

@inproceedings{Coomber2002PixelSizeSLM,
    author    = {Coomber, S. D. and Cameron, C. D. and McKee, P. and Hughes, J. R. and Slinger, C. W.},
    title     = {Accurate determination of the pixel separation and fill factor of a liquid crystal spatial light modulator},
    booktitle = {Wave-Optical Systems Engineering II},
    year      = {2002},
    volume    = {4769},
    pages     = {156-167},
    doi       = {10.1117/12.452859}
}

@article{Yaroslavsky2007DigitalHolography,
    author    = {Yaroslavsky, Leonid P.},
    title     = {Digital Holography and Digital Image Processing: Principles, Methods, Algorithms},
    publisher = {Springer Science & Business Media},
    year      = {2007}
}

@article{Zhang2023SpatialOpticalSimulation,
    author    = {张静 and 王奥 and 过飞 and 仇旻},
    title     = {空间光学模拟计算的发展与应用},
    journal   = {红外与激光工程},
    year      = {2023},
    volume    = {52},
    number    = {8},
    pages     = {20230179},
    doi       = {10.3788/IRLA20230179}
}