@book{WeatherDynamics,
  author = {李崇银},
  date = {2000.12},
  title = {气候动力学引论},
  year = {2000},
  publisher = {气象出版社},
  location = {北京},
  version = {2}
}
