@article{booth2006,
  author  = {Booth, M. J.},
  title   = {Wave front sensor-less adaptive optics: a model-based approach using sphere packings},
  journal = {Optics Express},
  year    = {2006},
  volume  = {14},
  number  = {4},
  pages   = {1339--1352}
  ,doi    = {10.1364/oe.14.001339}
}
@article{cheng2015,
  author  = {Cheng, J.-X. and Xie, X. S.},
  title   = {Vibrational spectroscopic imaging of living systems: An emerging platform for biology and medicine},
  journal = {Science},
  year    = {2015},
  volume  = {350},
  number  = {6264},
  doi     = {10.1126/science.aaa8870}
}

@article{cheplygina2019,
  author  = {Cheplygina, V. and de Bruijne, M. and Pluim, J. P. W.},
  title   = {Not-so-supervised: a survey of semi-supervised, multi-instance, and weakly supervised learning in medical image analysis},
  journal = {Medical Image Analysis},
  year    = {2019},
  volume  = {54},
  pages   = {280--296}
  ,doi    = {10.1016/j.media.2019.03.009}
}

@article{chlap2021,
  author  = {Chlap, P. and Min, H. and Vandenberg, N. and Dowling, J. and Holloway, L. and Haworth, A.},
  title   = {A review of medical image data augmentation techniques for deep learning applications},
  journal = {Journal of Medical Imaging and Radiation Oncology},
  year    = {2021},
  volume  = {65},
  number  = {5},
  pages   = {545--563}
  ,doi    = {10.1111/1754-9485.13261}
}

@inproceedings{ji2020,
  author    = {Ito, T. and Ji, M. and Holtom, G. and Xie, X. S.},
  title     = {Epi-Detected Stimulated Raman Scattering Microscopy Using Long-Wavelength Excitation},
  booktitle = {Biomedical Optics and 3-D Imaging, OSA Technical Digest (Optica Publishing Group)},
  year      = {2012},
  note      = {paper BSu4B.7}
}

@inproceedings{ma2025,
  author    = {Ma, Y. and Mizuguchi, T. and Spratt, S. J. and Ozeki, Y.},
  title     = {Label-free organelle image prediction using deep learning and large-scale hyperspectral stimulated Raman scattering},
  booktitle = {Photonics West, BiOS},
  year      = {2025},
  note      = {paper 13332-70},
  pages     = {70},
  doi       = {10.1117/12.3041987}
}

@article{muller2022,
  author  = {MÃ¼ller, D. and Soto-Rey, I. and Kramer, F.},
  title   = {Towards a guideline for evaluation metrics in medical image segmentation},
  journal = {BMC Research Notes},
  year    = {2022},
  volume  = {15},
  number  = {1},
  pages   = {210}
  ,doi    = {10.1186/s13104-022-06096-y}
}

@article{ozeki2012,
  author  = {Ozeki, Y. and Umemura, W. and Otsuka, Y. and Satoh, S. and Hashimoto, H. and Sumimura, K. and Nishizawa, N. and Fukui, K. and Itoh, K.},
  title   = {High-speed molecular spectral imaging of tissue with stimulated Raman scattering},
  journal = {Nature Photonics},
  year    = {2012},
  volume  = {6},
  number  = {12},
  pages   = {845--851},
  doi     = {10.1038/nphoton.2012.263}
}

@article{ozeki2020a,
  author  = {Suzuki, Y. and Kobayashi, K. and Wakisaka, Y. and Deng, D. and Tanaka, S. and Huang, C. and Lei, C. and Sun, C. and Liu, H. and Fujiwaki, Y. and Lee, S. and Isozaki, A. and Kasai, Y. and Hayakawa, T. and Sakuma, S. and Arai, F. and Koizumi, K. and Tezuka, H. and Inaba, M. and Hiraki, K. and Ito, T. and Hase, M. and Matsusaka, S. and Shiba, K. and Suga, K. and Nishikawa, M. and Jona, M. and Yatomi, Y. and Yalikun, Y. and Tanaka, Y. and Sugimura, T. and Nitta, N. and Goda, K. and Ozeki, Y.},
  title   = {Label-free chemical imaging flow cytometry by high-speed multicolor stimulated Raman scattering},
  journal = {Proceedings of the National Academy of Sciences of the United States of America},
  year    = {2019},
  volume  = {116},
  number  = {32},
  pages   = {15842--15848},
  doi     = {10.1073/pnas.1902322116}
}

@article{ozeki2020b,
  author  = {Xu, Zicong and Oguchi, Kenichi and Taguchi, Yoshitaka and Takahashi, Shun and Sano, Yuki and Mizuguchi, Takaha and Katoh, Kazuhiro and Ozeki, Yasuyuki},
  title   = {Quantum-enhanced stimulated Raman scattering microscopy in a high-power regime},
  journal = {Optics Letters},
  year    = {2022},
  volume  = {47},
  number  = {22},
  pages   = {5829--5832},
  doi     = {10.1364/OL.474102}
}

@article{papadopoulos2008,
  author  = {Papadopoulos, I. N. and Jouhanneau, J.-S. and Poulet, J. F. A. and Judkewitz, B.},
  title   = {SLM microscopy: scanless two-photon imaging and photostimulation using spatial light modulators},
  journal = {Frontiers in Neural Circuits},
  year    = {2008},
  volume  = {2},
  pages   = {5},
  doi     = {10.3389/neuro.04.005.2008}
}

@article{shorten2019,
  author  = {Shorten, C. and Khoshgoftaar, T. M.},
  title   = {A survey on Image Data Augmentation for Deep Learning},
  journal = {Journal of Big Data},
  year    = {2019},
  volume  = {6},
  pages   = {60},
  doi     = {10.1186/s40537-019-0197-0}
}

@article{suzuki2019,
  author  = {Suzuki, Y. and others},
  title   = {Label-free chemical imaging flow cytometry by high-speed multicolor stimulated Raman scattering},
  journal = {Proceedings of the National Academy of Sciences},
  year    = {2019},
  volume  = {116},
  number  = {32},
  pages   = {15842--15848},
  doi     = {10.1073/pnas.1902322116}
}

@article{tao2013,
  author  = {Tao, X. and Liu, W. and Li, D.},
  title   = {Modified hill-climbing algorithm based on Zernike modes for wavefront sensorless adaptive optics},
  journal = {Applied Optics},
  year    = {2013},
  volume  = {52},
  number  = {19},
  pages   = {4443--4449}
  ,doi    = {10.1117/1.OE.52.1.016601}
}

@incollection{tarvainen2017,
  author    = {Tarvainen, A. and Valpola, H.},
  title     = {Mean teachers are better role models: Weight-averaged consistency targets improve semi-supervised deep learning results},
  booktitle = {Advances in Neural Information Processing Systems},
  year      = {2017},
  publisher = {NeurIPS}
}

@article{tipping2024,
  author  = {Tipping, W. J. and Faulds, K. and Graham, D.},
  title   = {Advances in Super-resolution Stimulated Raman Scattering Microscopy},
  journal = {Chemical \& Biomedical Imaging},
  year    = {2024},
  volume  = {2},
  number  = {11},
  pages   = {733--743},
  doi     = {10.1021/cbmi.4c00057}
}

@article{v_w_freudiger2008,
  author  = {Freudiger, C. W. and Min, W. and Saar, B. G. and Lu, S. and Holtom, G. R. and He, C. and Tsai, J. C. and Kang, J. X. and Xie, X. S.},
  title   = {Label-Free Biomedical Imaging with High Sensitivity by Stimulated Raman Scattering Microscopy},
  journal = {Science},
  year    = {2008},
  volume  = {322},
  number  = {5909},
  pages   = {1857--1861},
  doi     = {10.1126/science.1165758}
}

@article{wang2004,
  author  = {Wang, Z. and Bovik, A. C. and Sheikh, H. R. and Simoncelli, E. P.},
  title   = {Image quality assessment: from error visibility to structural similarity},
  journal = {IEEE Transactions on Image Processing},
  year    = {2004},
  volume  = {13},
  number  = {4},
  pages   = {600--612}
  ,doi    = {10.1109/TIP.2003.819861}
}

@article{wang2024a,
  author  = {Wang, Weiqi and Huang, Zhiwei},
  title   = {Polychromatic Adaptive Optics-Assisted Stimulated Raman Scattering Microscopy Enables Deep Tissue Chemical Imaging},
  journal = {Laser \& Photonics Reviews},
  year    = {2025},
  note    = {published online 2025-08-02},
  doi     = {10.1002/lpor.202501022}
}

@misc{yu2019,
      title={Uncertainty-aware Cross-training for Semi-supervised Medical Image Segmentation}, 
      author={Kaiwen Huang and Tao Zhou and Huazhu Fu and Yizhe Zhang and Yi Zhou and Xiao-Jun Wu},
      year={2025},
      eprint={2508.09014},
      archivePrefix={arXiv},
      primaryClass={cs.CV},
      url={https://arxiv.org/abs/2508.09014}, 
}

@misc{zheng2025,
  author = {Zheng, X.},
  title  = {Curriculum Vitae},
  year   = {2025}
}

@article{ozeki2019,
  title = {Multicolor Stimulated Raman Scattering Microscopy With Fast Wavelength-Tunable Yb Fiber Laser},
  author = {Ozeki, Yasuyuki and Asai, Takuya and Shou, Jingwen and Yoshimi, Hironobu},
  journal = {IEEE Journal of Selected Topics in Quantum Electronics},
  volume = {25},
  number = {1},
  pages = {1--11},
  year = {2019},
  month = {jan},
  doi = {10.1109/JSTQE.2018.2830816},
  url = {http://dx.doi.org/10.1109/JSTQE.2018.2830816},
  publisher = {Institute of Electrical and Electronics Engineers (IEEE)}
}
}
