@article{book,
  author = {北京师范大学物理实验教学中心},
  title  = {锁相放大器实验讲义},
  year   = {2014}
}
@book{HorowitzHill2015,
  title     = {The Art of Electronics},
  author    = {Horowitz, Paul and Hill, Winfield},
  year      = {2015},
  edition   = {3rd},
  publisher = {Cambridge University Press}
}
@book{Lyons2011,
  title     = {Understanding Digital Signal Processing},
  author    = {Lyons, Richard G.},
  year      = {2011},
  edition   = {3rd},
  publisher = {Prentice Hall}
}
@book{Meade1983,
  title     = {Lock-in amplifiers: Principles and applications},
  author    = {Meade, M. L.},
  year      = {1983},
  publisher = {Peter Peregrinus Ltd.}
}
@techreport{SignalRecoveryTN1000,
  title       = {TN 1000: What is a Lock-in Amplifier?},
  author      = {{Signal Recovery (AMETEK)}},
  institution = {AMETEK Scientific Instruments},
  year        = {n.d.}
}
